<record><leader>00000cas a2200000 i 4500</leader><controlfield tag="001">927109676</controlfield><controlfield tag="006">m     o  d        </controlfield><controlfield tag="007">cr |||||||||||</controlfield><controlfield tag="008">151028d18431844msuwr neo     0   a0eng  </controlfield><datafield ind1=" " ind2=" " tag="010"><subfield code="a">  2015270571</subfield></datafield><datafield ind1=" " ind2=" " tag="040"><subfield code="a">DLC</subfield><subfield code="b">eng</subfield><subfield code="e">rda</subfield><subfield code="c">DLC</subfield><subfield code="d">OCLCF</subfield></datafield><datafield ind1="0" ind2=" " tag="022"><subfield code="a">2381-6716</subfield><subfield code="2">1</subfield></datafield><datafield ind1=" " ind2=" " tag="042"><subfield code="a">pcc</subfield><subfield code="a">nsdp</subfield></datafield><datafield ind1=" " ind2=" " tag="043"><subfield code="a">n-us-ms</subfield></datafield><datafield ind1="1" ind2="0" tag="050"><subfield code="a">ISSN RECORD</subfield></datafield><datafield ind1="0" ind2="0" tag="082"><subfield code="a">071</subfield><subfield code="2">23</subfield></datafield><datafield ind1=" " ind2="0" tag="222"><subfield code="a">Attala register</subfield><subfield code="b">(Online)</subfield></datafield><datafield ind1="0" ind2="0" tag="245"><subfield code="a">Attala register.</subfield></datafield><datafield ind1=" " ind2="1" tag="264"><subfield code="a">Kosciusko, Mississippi :</subfield><subfield code="b">[William B. Harper],</subfield><subfield code="c">1843-</subfield></datafield><datafield ind1=" " ind2=" " tag="300"><subfield code="a">1 online resource</subfield></datafield><datafield ind1=" " ind2=" " tag="310"><subfield code="a">Weekly</subfield></datafield><datafield ind1=" " ind2=" " tag="336"><subfield code="a">text</subfield><subfield code="b">txt</subfield><subfield code="2">rdacontent</subfield></datafield><datafield ind1=" " ind2=" " tag="337"><subfield code="a">computer</subfield><subfield code="b">c</subfield><subfield code="2">rdamedia</subfield></datafield><datafield ind1=" " ind2=" " tag="338"><subfield code="a">online resource</subfield><subfield code="b">cr</subfield><subfield code="2">rdacarrier</subfield></datafield><datafield ind1="1" ind2=" " tag="362"><subfield code="a">Began with volume I, number 1 (April 23, 1843); ceased in 1844.</subfield></datafield><datafield ind1=" " ind2=" " tag="500"><subfield code="a">Publishers: Wm. B. Harper &amp; G. W. Webster, &lt;October 7, 1843&gt;.</subfield></datafield><datafield ind1=" " ind2=" " tag="588"><subfield code="a">Description based on: Volume I, number 1 (April 23, 1843); title from masthead (Chroniclingamerica.loc.gov, viewed October 28, 2015).</subfield></datafield><datafield ind1=" " ind2=" " tag="588"><subfield code="a">Latest issue consulted: Volume I, number 24 (October 7, 1843) (Chroniclingamerica.loc.gov, viewed October 28, 2015).</subfield></datafield><datafield ind1=" " ind2="0" tag="651"><subfield code="a">Kosciusko (Miss.)</subfield><subfield code="v">Newspapers.</subfield></datafield><datafield ind1=" " ind2="7" tag="655"><subfield code="a">Newspapers.</subfield><subfield code="2">fast</subfield><subfield code="0">(OCoLC)fst01423814</subfield></datafield><datafield ind1=" " ind2="7" tag="651"><subfield code="a">Mississippi</subfield><subfield code="z">Kosciusko.</subfield><subfield code="2">fast</subfield><subfield code="0">(OCoLC)fst01229635</subfield></datafield><datafield ind1=" " ind2=" " tag="752"><subfield code="a">United States</subfield><subfield code="b">Mississippi</subfield><subfield code="c">Attala</subfield><subfield code="d">Kosciusko.</subfield></datafield><datafield ind1="0" ind2="8" tag="776"><subfield code="i">Originally issued in print:</subfield><subfield code="t">Attala register</subfield><subfield code="x">2381-6708</subfield><subfield code="w">(DLC)sn 87065294</subfield><subfield code="w">(OCoLC)15580805</subfield></datafield><datafield ind1="0" ind2="0" tag="785"><subfield code="t">Central journal (Kosciusko, Miss.)</subfield></datafield><datafield ind1="4" ind2="0" tag="856"><subfield code="u">http://www.loc.gov/chroniclingamerica/lccn/sn87065294/issues</subfield></datafield></record>